% This file was created with JabRef 2.10.
% Encoding: UTF-8


@InProceedings{Abalov_14_auto,
  Title                    = {Automated grouping of decomposition components of time series for singular spectrum analysis},
  Author                   = {Abalov, N.V. and Gubarev, V.V.},
  Booktitle                = {Proceedings of the 9th International Forum on Strategic Technology (IFOST), Chittagong, India},
  Year                     = {2014},

  __markedentry            = {[tom:6]},
  File                     = {article:jabref_folder/abalov_14_auto.pdf:PDF},
  Keywords                 = {Decomposition, Grouping, SSA},
  Owner                    = {tom}
}

@Article{Ahmed_74_DCT,
  Title                    = {Discrete cosine transform},
  Author                   = {Ahmed, N. and Natarajan, T. and Rao, K.R.},
  Journal                  = {IEEE Transactions on Computers},
  Year                     = {1974},
  Number                   = {1},
  Pages                    = {90--93},
  Volume                   = {100},

  __markedentry            = {[tom:6]},
  File                     = {ahmed_74_DCT.pdf:ahmed_74_DCT.pdf:PDF},
  Owner                    = {tom},
  Publisher                = {IEEE},
  Timestamp                = {2015.03.09}
}

@InProceedings{Alexandrov_05_auto,
  Title                    = {Automatic extraction and forecast of time series cyclic components within the framework of SSA},
  Author                   = {Alexandrov, Th. and Golyandina, N.},
  Booktitle                = {Proceedings of the Workshop on Simulation, St. Petersburg , Russia},
  Year                     = {2005},
  Pages                    = {45--50},

  __markedentry            = {[tom:6]},
  File                     = {article:alexandrov_05_auto.pdf:PDF},
  Keywords                 = {Decomposition, Grouping, SSA, em-harmonic},
  Owner                    = {tom},
  Timestamp                = {2015.03.09}
}

@InProceedings{alvarez_13_auto,
  Title                    = {Automatic Singular Spectrum Analysis for Time-Series Decomposition},
  Author                   = {Alvarez-Mesa, A.M. and Acosta-Medina, C.D. and Castellanos-Dominguez, G.},
  Booktitle                = {Proceedings of the European Symposium on Artificial Neural Networks, Computational Intelligence and Machine Learning, Bruges, Belgium},
  Year                     = {2013},
  Pages                    = {131--136},

  __markedentry            = {[tom:6]},
  File                     = {article:alvarez_13_auto.pdf:PDF},
  Keywords                 = {Decomposition, Grouping, SSA},
  Owner                    = {tom},
  Timestamp                = {2015.03.09}
}

@Article{bach_12_task,
  Title                    = {Task-Driven Dictionary Learning},
  Author                   = {Bach, F and Mairal, J and Ponce, J},
  Journal                  = {IEEE Transactions on Pattern Analysis and Machine Intelligence},
  Year                     = {2012},
  Number                   = {4},
  Pages                    = {791--804},
  Volume                   = {34},

  __markedentry            = {[tom:6]},
  File                     = {article:bach_12_task.pdf:PDF},
  Keywords                 = {Dictionary Learning; Tweaking; Dictionary Representation},
  Publisher                = {IEEE Computer Society}
}

@Article{Bach_03_KICA,
  Title                    = {Kernel independent component analysis},
  Author                   = {Bach, Francis R and Jordan, Michael I},
  Journal                  = {The Journal of Machine Learning Research},
  Year                     = {2003},
  Pages                    = {1--48},
  Volume                   = {3},

  __markedentry            = {[tom:6]},
  File                     = {article:Bach_03_KICA.pdf:PDF},
  Owner                    = {tom},
  Publisher                = {JMLR. org},
  Timestamp                = {2015.03.09}
}

@Article{Bruna_13_scattering,
  Title                    = {Invariant scattering convolution networks},
  Author                   = {Bruna, Joan and Mallat, St{\'e}phane},
  Journal                  = {Pattern Analysis and Machine Intelligence, IEEE Transactions on},
  Year                     = {2013},
  Number                   = {8},
  Pages                    = {1872--1886},
  Volume                   = {35},

  __markedentry            = {[tom:6]},
  File                     = {article:Bruna_13_scattering.pdf:PDF},
  Owner                    = {tom},
  Publisher                = {IEEE},
  Timestamp                = {2015.03.09}
}

@Article{Candes_11_RPCA,
  Title                    = {Robust principal component analysis?},
  Author                   = {Cand{\`e}s, Emmanuel J and Li, Xiaodong and Ma, Yi and Wright, John},
  Journal                  = {Journal of the ACM (JACM)},
  Year                     = {2011},
  Number                   = {3},
  Pages                    = {11},
  Volume                   = {58},

  __markedentry            = {[tom:6]},
  Owner                    = {tom},
  Publisher                = {ACM},
  Timestamp                = {2015.03.09}
}

@TechReport{Chandola_09_anomaly,
  Title                    = {Anomaly detection: A survey},
  Author                   = {Chandola, Varun and Banerjee, Arindam and Kumar, Vipin},
  Institution              = {University of Minesota},
  Year                     = {2009},
  Number                   = {3},

  __markedentry            = {[tom:6]},
  File                     = {techreport:Chandola_09_anomaly.pdf:PDF},
  Journal                  = {ACM Computing Surveys (CSUR)},
  Owner                    = {tom},
  Pages                    = {15},
  Publisher                = {ACM},
  Timestamp                = {2015.03.09},
  Volume                   = {41}
}

@Article{friedman_37_rank,
  Title                    = {The use of ranks to avoid the assumption of normality implicit in the analysis of variance},
  Author                   = {Friedman, M.},
  Journal                  = {Journal of the American Statistical Association},
  Year                     = {1937},
  Number                   = {200},
  Pages                    = {675--701},
  Volume                   = {32},

  File                     = {article:friedman_37_rank.pdf:PDF},
  Keywords                 = {test
rank},
  Owner                    = {tom},
  Publisher                = {Taylor \& Francis},
  Timestamp                = {2015.03.09}
}

@Article{Ghil_02_SSA,
  Title                    = {Advanced spectral methods for climatic time series},
  Author                   = {Ghil, Michael and Allen, MR and Dettinger, MD and Ide, K and Kondrashov, D and Mann, ME and Robertson, Andrew W and Saunders, A and Tian, Y and Varadi, F and others},
  Journal                  = {Reviews of geophysics},
  Year                     = {2002},
  Number                   = {1},
  Pages                    = {3--1},
  Volume                   = {40},

  __markedentry            = {[tom:6]},
  File                     = {article:Ghil_02_SSA.pdf:PDF},
  Keywords                 = {Decomposition, Dictionary Representation, SSA},
  Owner                    = {tom},
  Publisher                = {Wiley Online Library},
  Timestamp                = {2015.03.09}
}

@Article{Gilles_13_ewt,
  Title                    = {Empirical wavelet transform},
  Author                   = {Gilles, Jerome},
  Journal                  = {IEEE Transactions on Signal Processing},
  Year                     = {2013},
  Number                   = {16},
  Pages                    = {3999--4010},
  Volume                   = {61},

  __markedentry            = {[tom:6]},
  File                     = {Gilles_13_ewt.pdf:Gilles_13_ewt.pdf:PDF},
  Keywords                 = {Wavelet; Data Driven; Dictionary Learning; Dictionary Representation},
  Owner                    = {tom},
  Publisher                = {IEEE},
  Timestamp                = {2015.03.09}
}

@PhdThesis{Gillis_11_NMF,
  Title                    = {Nonnegative matrix factorization: Complexity, algorithms and applications},
  Author                   = {Gillis, Nicolas and others},
  School                   = {UCL},
  Year                     = {2011},

  __markedentry            = {[tom:6]},
  Owner                    = {tom},
  Timestamp                = {2015.03.09}
}

@Article{golyandina_14_multivariate,
  Title                    = {Multivariate and 2D Extensions of Singular Spectrum Analysis with the Rssa Package},
  Author                   = {Golyandina, Nina and Korobeynikov, Anton and Shlemov, Alex and Usevich, Konstantin},
  Journal                  = {Journal of Statistical Software},
  Year                     = {2014},
  Pages                    = {41},

  __markedentry            = {[tom:6]},
  Owner                    = {tom}
}

@Book{Golyandina_10_ssa,
  Title                    = {Analysis of time series structure: SSA and related techniques},
  Author                   = {Golyandina, N. and Nekrutkin, V. and Zhigljavsky, A.A.},
  Publisher                = {CRC Press},
  Year                     = {2010},

  __markedentry            = {[tom:6]},
  File                     = {book:Golyandina_10_ssa.pdf:PDF},
  Keywords                 = {Decomposition, SSA},
  Owner                    = {tom},
  Timestamp                = {2015.03.09}
}

@Article{Gorodnitsky1997,
  Title                    = {Sparse signal reconstruction from limited data using FOCUSS: A re-weighted minimum norm algorithm},
  Author                   = {Gorodnitsky, Irina F and Rao, Bhaskar D},
  Journal                  = {IEEE Transactions on Signal Processing},
  Year                     = {1997},
  Number                   = {3},
  Pages                    = {600--616},
  Volume                   = {45},

  __markedentry            = {[tom:6]},
  Owner                    = {tom},
  Publisher                = {IEEE},
  Timestamp                = {2015.03.09}
}

@Article{Grosse2012,
  Title                    = {Shift-invariance sparse coding for audio classification},
  Author                   = {Grosse, R. and Raina, R. and Kwong, H. and Ng, A. Y.},
  Journal                  = {Cortex},
  Year                     = {2012},
  Pages                    = {8},
  Volume                   = {9},

  __markedentry            = {[tom:6]},
  Owner                    = {tom},
  Timestamp                = {2015.03.09}
}

@Article{Hyvarinen_99_FastICA,
  Title                    = {Fast and robust fixed-point algorithms for independent component analysis},
  Author                   = {Hyvarinen, Aapo},
  Journal                  = {Neural Networks, IEEE Transactions on},
  Year                     = {1999},
  Number                   = {3},
  Pages                    = {626--634},
  Volume                   = {10},

  __markedentry            = {[tom:6]},
  File                     = {article:Hyvarinen_99_FastICA.pdf:PDF},
  Keywords                 = {algorithm; ICA},
  Owner                    = {tom},
  Publisher                = {IEEE},
  Timestamp                = {2015.03.09}
}

@InProceedings{Hyvarinen_99_FastICA_b,
  Title                    = {Fast ICA for noisy data using Gaussian moments},
  Author                   = {Hyvarinen, Aapo},
  Booktitle                = {Circuits and Systems, 1999. ISCAS'99. Proceedings of the 1999 IEEE International Symposium on},
  Year                     = {1999},
  Organization             = {IEEE},
  Pages                    = {57--61},
  Volume                   = {5},

  __markedentry            = {[tom:6]},
  File                     = {article:Hyvarinen_99_FastICA_b.pdf:PDF},
  Owner                    = {tom},
  Timestamp                = {2015.03.09}
}

@Book{Jolliffe2005,
  Title                    = {Principal component analysis},
  Author                   = {Jolliffe, Ian},
  Publisher                = {Wiley Online Library},
  Year                     = {2005},

  __markedentry            = {[tom:6]},
  Owner                    = {tom},
  Timestamp                = {2015.03.09}
}

@InProceedings{Lee_06_coding,
  Title                    = {Efficient sparse coding algorithms},
  Author                   = {Lee, Honglak and Battle, Alexis and Raina, Rajat and Ng, Andrew Y},
  Booktitle                = {Advances in neural information processing systems},
  Year                     = {2006},
  Pages                    = {801--808},

  __markedentry            = {[tom:6]},
  File                     = {Lee_06_coding.pdf:Lee_06_coding.pdf:PDF},
  Keywords                 = {Algorithm; Sparse Coding},
  Owner                    = {tom},
  Timestamp                = {2015.03.09}
}

@InProceedings{Liu2010,
  Title                    = {Robust subspace segmentation by low-rank representation},
  Author                   = {Liu, Guangcan and Lin, Zhouchen and Yu, Yong},
  Booktitle                = {Proceedings of the 27th International Conference on Machine Learning (ICML-10)},
  Year                     = {2010},
  Pages                    = {663--670},

  __markedentry            = {[tom:6]},
  Owner                    = {tom},
  Timestamp                = {2015.03.09}
}

@InProceedings{Lowe1999,
  Title                    = {Object recognition from local scale-invariant features},
  Author                   = {Lowe, David G},
  Booktitle                = {Computer vision, 1999. The proceedings of the seventh IEEE international conference on},
  Year                     = {1999},
  Organization             = {Ieee},
  Pages                    = {1150--1157},
  Volume                   = {2},

  __markedentry            = {[tom:6]},
  Owner                    = {tom},
  Timestamp                = {2015.03.09}
}

@Book{Mallat_99_wavelet,
  Title                    = {A wavelet tour of signal processing},
  Author                   = {Mallat, St{\'e}phane},
  Publisher                = {Academic press},
  Year                     = {1999},

  __markedentry            = {[tom:6]},
  File                     = {book:Mallat1999.pdf:PDF},
  Keywords                 = {Wavelet; Sparse Coding; Dictionary Representation},
  Owner                    = {tom},
  Timestamp                = {2015.03.09}
}

@Article{Mallat_93_MP,
  Title                    = {Matching pursuits with time-frequency dictionaries},
  Author                   = {Mallat, St{\'e}phane G and Zhang, Zhifeng},
  Journal                  = {Signal Processing, IEEE Transactions on},
  Year                     = {1993},
  Number                   = {12},
  Pages                    = {3397--3415},
  Volume                   = {41},

  __markedentry            = {[tom:6]},
  File                     = {article:Mallat_93_MP.pdf:PDF},
  Keywords                 = {Matching Pursuit; Sparse Coding},
  Owner                    = {tom},
  Publisher                = {IEEE},
  Timestamp                = {2015.03.09}
}

@InProceedings{Mauer_13_multitask,
  Title                    = {Sparse coding for multitask and transfer learning},
  Author                   = {Maurer, Andreas and Pontil, Massi and Romera-Paredes, Bernardino},
  Booktitle                = {Proceedings of the 30th International Conference on Machine Learning (ICML)},
  Year                     = {2013},
  Pages                    = {343--351},

  File                     = {article:Mauer_13_multitask.pdf:PDF},
  Owner                    = {tom},
  Timestamp                = {2015.03.12}
}

@Article{Naik_11_ICA,
  Title                    = {An overview of independent component analysis and its applications},
  Author                   = {Naik, Ganesh R and Kumar, Dinesh Kant},
  Journal                  = {Informatica: An International Journal of Computing and Informatics},
  Year                     = {2011},
  Number                   = {1},
  Pages                    = {63--81},
  Volume                   = {35},

  __markedentry            = {[tom:6]},
  File                     = {article:Naik_11_ICA.pdf:PDF},
  Keywords                 = {ICA; Decomposition},
  Owner                    = {tom},
  Publisher                = {Slovene Society Informatika, Vozarski pot 12 1000 Ljubljana, Slovenia},
  Timestamp                = {2015.03.09}
}

@InProceedings{Pati1993,
  Title                    = {Orthogonal matching pursuit: Recursive function approximation with applications to wavelet decomposition},
  Author                   = {Pati, Yagyensh Chandra and Rezaiifar, Ramin and Krishnaprasad, PS},
  Booktitle                = {Signals, Systems and Computers, 1993. 1993 Conference Record of The Twenty-Seventh Asilomar Conference on},
  Year                     = {1993},
  Organization             = {IEEE},
  Pages                    = {40--44},

  __markedentry            = {[tom:6]},
  Owner                    = {tom},
  Timestamp                = {2015.03.09}
}

@Article{Pratt_69_hadamard,
  Title                    = {Hadamard transform image coding},
  Author                   = {Pratt, William and Kane, Julius and Andrews, Harry C},
  Journal                  = {Proceedings of the IEEE},
  Year                     = {1969},
  Number                   = {1},
  Pages                    = {58--68},
  Volume                   = {57},

  __markedentry            = {[tom:6]},
  File                     = {article:Pratt_69_hadamard.pdf:PDF},
  Owner                    = {tom},
  Publisher                = {IEEE},
  Timestamp                = {2015.03.09}
}

@InProceedings{Savalle_12_sparse,
  Title                    = {Estimation of Simultaneously Sparse and Low Rank Matrices},
  Author                   = {Emile Richard and Pierre-Andre Savalle and Nicolas Vayatis},
  Booktitle                = {Proceedings of the 29th International Conference on Machine Learning (ICML-12)},
  Year                     = {2012},

  Address                  = {New York, NY, USA},
  Editor                   = {John Langford and Joelle Pineau},
  Month                    = {July},
  Pages                    = {1351--1358},
  Publisher                = {Omnipress},
  Series                   = {ICML '12},

  __markedentry            = {[tom:6]},
  File                     = {article:Savalle_12_sparse.pdf:PDF},
  ISBN                     = {978-1-4503-1285-1},
  Location                 = {Edinburgh, Scotland, GB},
  Owner                    = {tom}
}

@TechReport{Rubinstein_08_KSVD,
  Title                    = {Efficient implementation of the K-SVD algorithm using batch orthogonal matching pursuit},
  Author                   = {Rubinstein, Ron and Zibulevsky, Michael and Elad, Michael},
  Institution              = {Technion - Computer Science Department},
  Year                     = {2008},

  __markedentry            = {[tom:6]},
  File                     = {techreport:Rubinstein_08_KSVD.pdf:PDF},
  Journal                  = {CS Technion},
  Keywords                 = {Algorithm; K-SVD},
  Owner                    = {tom},
  Pages                    = {40},
  Timestamp                = {2015.03.09}
}

@Article{Sadler_99_multiscale,
  Title                    = {Analysis of multiscale products for step detection and estimation},
  Author                   = {Sadler, Brian M and Swami, Ananthram},
  Journal                  = {Information Theory, IEEE Transactions on},
  Year                     = {1999},
  Number                   = {3},
  Pages                    = {1043--1051},
  Volume                   = {45},

  __markedentry            = {[tom:6]},
  File                     = {article:Sadler_99_multiscale.pdf:PDF},
  Keywords                 = {Wavelet; Dictionary Representation},
  Owner                    = {tom},
  Publisher                = {IEEE},
  Timestamp                = {2015.03.09}
}

@Article{Tzanetakis2002,
  Title                    = {Musical genre classification of audio signals},
  Author                   = {Tzanetakis, George and Cook, Perry},
  Journal                  = {IEEE transactions on Speech and Audio Processing},
  Year                     = {2002},
  Number                   = {5},
  Pages                    = {293--302},
  Volume                   = {10},

  __markedentry            = {[tom:6]},
  Owner                    = {tom},
  Publisher                = {IEEE},
  Timestamp                = {2015.03.09}
}

@Article{Vautard_89_ssa,
  Title                    = {Singular spectrum analysis in nonlinear dynamics, with applications to paleoclimatic time series},
  Author                   = {Vautard, R. and Ghil, M.},
  Journal                  = {Physica D: Nonlinear Phenomena},
  Year                     = {1989},
  Number                   = {3},
  Pages                    = {395--424},
  Volume                   = {35},

  __markedentry            = {[tom:6]},
  File                     = {article:Vautard_89_ssa.pdf:PDF},
  Keywords                 = {Decomposition, SSA},
  Owner                    = {tom},
  Publisher                = {Elsevier},
  Timestamp                = {2015.03.09}
}

@Article{Vincent2006,
  Title                    = {Performance measurement in blind audio source separation},
  Author                   = {Vincent, Emmanuel and Gribonval, R{\'e}mi and F{\'e}votte, C{\'e}dric},
  Journal                  = {Audio, Speech, and Language Processing, IEEE Transactions on},
  Year                     = {2006},
  Number                   = {4},
  Pages                    = {1462--1469},
  Volume                   = {14},

  __markedentry            = {[tom:6]},
  Owner                    = {tom},
  Publisher                = {IEEE},
  Timestamp                = {2015.03.09}
}

@Article{Zou2006,
  Title                    = {Sparse principal component analysis},
  Author                   = {Zou, Hui and Hastie, Trevor and Tibshirani, Robert},
  Journal                  = {Journal of computational and graphical statistics},
  Year                     = {2006},
  Number                   = {2},
  Pages                    = {265--286},
  Volume                   = {15},

  __markedentry            = {[tom:6]},
  Owner                    = {tom},
  Publisher                = {Taylor \& Francis},
  Timestamp                = {2015.03.09}
}

@comment{jabref-meta: selector_keywords:}

@comment{jabref-meta: groupsversion:3;}

@comment{jabref-meta: groupstree:
0 AllEntriesGroup:;
1 KeywordGroup:Dictionary Learning\;0\;keywords\;dictionary learning\;
0\;0\;;
}

