@article{mairal_12_task,
  title={Task-driven dictionary learning},
  author={Mairal, Julien and Bach, Francis and Ponce, Jean},
  journal={Pattern Analysis and Machine Intelligence, IEEE Transactions on},
  volume={34},
  number={4},
  pages={791--804},
  year={2012},
  publisher={IEEE}
}

@article{CBK_09_anomaly,
  title={Anomaly detection: A survey},
  author={Chandola, Varun and Banerjee, Arindam and Kumar, Vipin},
  journal={ACM Computing Surveys (CSUR)},
  volume={41},
  number={3},
  pages={15},
  year={2009},
  publisher={ACM}
}

@article{sadler_swami_99_analysis,
  title={Analysis of multiscale products for step detection and estimation},
  author={Sadler, Brian M and Swami, Ananthram},
  journal={Information Theory, IEEE Transactions on},
  volume={45},
  number={3},
  pages={1043--1051},
  year={1999},
  publisher={IEEE}
}

@inproceedings{lowe_99_sift,
  title={Object recognition from local scale-invariant features},
  author={Lowe, David G},
  booktitle={Computer vision, 1999. The proceedings of the seventh IEEE international conference on},
  volume={2},
  pages={1150--1157},
  year={1999},
  organization={Ieee}
}

@book{mallat_99_wavelet,
  title={A wavelet tour of signal processing},
  author={Mallat, St{\'e}phane},
  year={1999},
  publisher={Academic press}
}

@article{ANR_74_DCT,
  title={Discrete cosine transform},
  author={Ahmed, Nasir and Natarajan, T and Rao, Kamisetty R},
  journal={Computers, IEEE Transactions on},
  volume={100},
  number={1},
  pages={90--93},
  year={1974},
  publisher={IEEE}
}


@article{PKA_69_hadamard,
  title={Hadamard transform image coding},
  author={Pratt, William and Kane, Julius and Andrews, Harry C},
  journal={Proceedings of the IEEE},
  volume={57},
  number={1},
  pages={58--68},
  year={1969},
  publisher={IEEE}
}

@book{jolliffe_05_PCA,
  title={Principal component analysis},
  author={Jolliffe, Ian},
  year={2005},
  publisher={Wiley Online Library}
}

@article{nai_kumar_11_ICAreview,
  title={An overview of independent component analysis and its applications},
  author={Naik, Ganesh R and Kumar, Dinesh Kant},
  journal={Informatica: An International Journal of Computing and Informatics},
  volume={35},
  number={1},
  pages={63--81},
  year={2011},
  publisher={Slovene Society Informatika, Vozarski pot 12 1000 Ljubljana, Slovenia}
}

@phdthesis{gillis_11_NMF,
  title={Nonnegative matrix factorization: Complexity, algorithms and applications},
  author={Gillis, Nicolas and others},
  year={2011},
  school={UCL}
}

@article{mallat_zhang_93_matching,
  title={Matching pursuits with time-frequency dictionaries},
  author={Mallat, St{\'e}phane G and Zhang, Zhifeng},
  journal={Signal Processing, IEEE Transactions on},
  volume={41},
  number={12},
  pages={3397--3415},
  year={1993},
  publisher={IEEE}
}

@inproceedings{pati_rezaiifar_93_orthogonal,
  title={Orthogonal matching pursuit: Recursive function approximation with applications to wavelet decomposition},
  author={Pati, Yagyensh Chandra and Rezaiifar, Ramin and Krishnaprasad, PS},
  booktitle={Signals, Systems and Computers, 1993. 1993 Conference Record of The Twenty-Seventh Asilomar Conference on},
  pages={40--44},
  year={1993},
  organization={IEEE}
}

@article{gorodnitsky_rao_97_FOCUSS,
  title={Sparse signal reconstruction from limited data using FOCUSS: A re-weighted minimum norm algorithm},
  author={Gorodnitsky, Irina F and Rao, Bhaskar D},
  journal={Signal Processing, IEEE Transactions on},
  volume={45},
  number={3},
  pages={600--616},
  year={1997},
  publisher={IEEE}
}

@article{RZE_08_KSVD,
  title={Efficient implementation of the K-SVD algorithm using batch orthogonal matching pursuit},
  author={Rubinstein, Ron and Zibulevsky, Michael and Elad, Michael},
  journal={CS Technion},
  pages={40},
  year={2008}
}

@inproceedings{LBRN_06_FSS,
  title={Efficient sparse coding algorithms},
  author={Lee, Honglak and Battle, Alexis and Raina, Rajat and Ng, Andrew Y},
  booktitle={Advances in neural information processing systems},
  pages={801--808},
  year={2006}
}

@article{raina_ng_12_conv,
  title={Shift-invariance sparse coding for audio classification},
  author={Grosse, Roger and Raina, Rajat and Kwong, Helen and Ng, Andrew Y},
  journal={arXiv preprint arXiv:1206.5241},
  year={2012}
}

@article{gilles_13_EWT,
  title={Empirical wavelet transform},
  author={Gilles, Jerome},
  journal={Signal Processing, IEEE Transactions on},
  volume={61},
  number={16},
  pages={3999--4010},
  year={2013},
  publisher={IEEE}
}

@article{vautard_ghil_89_SSA,
  title={Singular spectrum analysis in nonlinear dynamics, with applications to paleoclimatic time series},
  author={Vautard, Robert and Ghil, Michael},
  journal={Physica D: Nonlinear Phenomena},
  volume={35},
  number={3},
  pages={395--424},
  year={1989},
  publisher={Elsevier}
}

@book{GNZ_10_SSA,
  title={Analysis of time series structure: SSA and related techniques},
  author={Golyandina, Nina and Nekrutkin, Vladimir and Zhigljavsky, Anatoly A},
  year={2010},
  publisher={CRC Press}
}

@article{savalle_12_SLM,
  title={Estimation of simultaneously sparse and low rank matrices},
  author={Richard, Emile and Savalle, Pierre-Andr{\'e} and Vayatis, Nicolas},
  journal={arXiv preprint arXiv:1206.6474},
  year={2012}
}

@inproceedings{liu_10_robust,
  title={Robust subspace segmentation by low-rank representation},
  author={Liu, Guangcan and Lin, Zhouchen and Yu, Yong},
  booktitle={Proceedings of the 27th International Conference on Machine Learning (ICML-10)},
  pages={663--670},
  year={2010}
}

@article{candes_11_robust,
  title={Robust principal component analysis?},
  author={Cand{\`e}s, Emmanuel J and Li, Xiaodong and Ma, Yi and Wright, John},
  journal={Journal of the ACM (JACM)},
  volume={58},
  number={3},
  pages={11},
  year={2011},
  publisher={ACM}
}

@article{zou_06_sparse,
  title={Sparse principal component analysis},
  author={Zou, Hui and Hastie, Trevor and Tibshirani, Robert},
  journal={Journal of computational and graphical statistics},
  volume={15},
  number={2},
  pages={265--286},
  year={2006},
  publisher={Taylor \& Francis}
}

@article{bach_03_kernel,
  title={Kernel independent component analysis},
  author={Bach, Francis R and Jordan, Michael I},
  journal={The Journal of Machine Learning Research},
  volume={3},
  pages={1--48},
  year={2003},
  publisher={JMLR. org}
}

@article{mallat_13_scattering,
  title={Invariant scattering convolution networks},
  author={Bruna, Joan and Mallat, St{\'e}phane},
  journal={Pattern Analysis and Machine Intelligence, IEEE Transactions on},
  volume={35},
  number={8},
  pages={1872--1886},
  year={2013},
  publisher={IEEE}
}

@article{golyandina_13_MSSA,
  title={Multivariate and 2D Extensions of Singular Spectrum Analysis with the Rssa Package},
  author={Golyandina, Nina and Korobeynikov, Anton and Shlemov, Alex and Usevich, Konstantin},
  journal={arXiv preprint arXiv:1309.5050},
  year={2013}
}

@inproceedings{hyvarinen_99_fast,
  title={Fast ICA for noisy data using Gaussian moments},
  author={Hyvarinen, Aapo},
  booktitle={Circuits and Systems, 1999. ISCAS'99. Proceedings of the 1999 IEEE International Symposium on},
  volume={5},
  pages={57--61},
  year={1999},
  organization={IEEE}
}
@article{hyvarinen_99b_fast,
  title={Fast and robust fixed-point algorithms for independent component analysis},
  author={Hyvarinen, Aapo},
  journal={Neural Networks, IEEE Transactions on},
  volume={10},
  number={3},
  pages={626--634},
  year={1999},
  publisher={IEEE}
}

@article{tzanetakis_02_musical,
  title={Musical genre classification of audio signals},
  author={Tzanetakis, George and Cook, Perry},
  journal={Speech and Audio Processing, IEEE transactions on},
  volume={10},
  number={5},
  pages={293--302},
  year={2002},
  publisher={IEEE}
}

@article{ghil_02_advanced,
  title={Advanced spectral methods for climatic time series},
  author={Ghil, Michael and Allen, MR and Dettinger, MD and Ide, K and Kondrashov, D and Mann, ME and Robertson, Andrew W and Saunders, A and Tian, Y and Varadi, F and others},
  journal={Reviews of geophysics},
  volume={40},
  number={1},
  pages={3--1},
  year={2002},
  publisher={Wiley Online Library}
}


@article{vincent_06_BSS,
  title={Performance measurement in blind audio source separation},
  author={Vincent, Emmanuel and Gribonval, R{\'e}mi and F{\'e}votte, C{\'e}dric},
  journal={Audio, Speech, and Language Processing, IEEE Transactions on},
  volume={14},
  number={4},
  pages={1462--1469},
  year={2006},
  publisher={IEEE}
}


@inproceedings{alexandrov_05_auto,
  title={Automatic extraction and forecast of time series cyclic components within the framework of SSA},
  author={Alexandrov, Th and Golyandina, N},
  booktitle={Procedings of the St. Petersburg Workshop on Simulation},
  pages={45--50},
  year={2005}
}

@inproceedings{alvarez_2013_auto,
  title={Automatic Singular Spectrum Analysis for Time-Series Decomposition},
  author={Alvarez-Mesa, AM and Acosta-Medina, CD and Castellanos-Dominguez, G},
  booktitle={European Symposium on Artificial Neural Networks, Computational Intelligence and Machine Learning, Bruges, Belgium},
  pages={131--136},
  year={2013}
}

@article{abalov_14_auto,
  title={Automated grouping of decomposition components of time series for singular spectrum analysis},
  author={Abalov, NV and Gubarev, VV},
  year={2014}
}
